<record xmlns="http://www.loc.gov/MARC21/slim" xmlns:xsi="http://www.w3.org/2001/XMLSchema-instance" xsi:schemaLocation="http://www.loc.gov/MARC21/slim http://www.loc.gov/standards/marcxml/schema/MARC21slim.xsd"><leader>     nam a22        4500</leader><controlfield tag="001">002966597</controlfield><controlfield tag="003">NNU</controlfield><controlfield tag="006">m        d        </controlfield><controlfield tag="007">cr cn |||m|||a</controlfield><controlfield tag="008">150313s1863    ua      o     000 0 arax </controlfield><datafield ind1=" " ind2=" " tag="040"><subfield code="a">NNU</subfield><subfield code="b">eng</subfield><subfield code="c">NNU</subfield></datafield><datafield ind1="0" ind2=" " tag="050"><subfield code="a">PN5355.T8</subfield><subfield code="b">A2 1863</subfield></datafield><datafield ind1="1" ind2=" " tag="100"><subfield code="a">Aby&#257;r&#299;, &#699;Abd al-H&#257;d&#299; Naj&#257; ibn Ra&#7693;w&#257;n Naj&#257;,</subfield><subfield code="d">1820 or 21-1887 or 8.</subfield></datafield><datafield ind1="1" ind2="0" tag="245"><subfield code="a">H&#257;dh&#257; Kit&#257;b al-najm al-th&#257;qib f&#299; al-mu&#7717;&#257;kamah bayna al-Barj&#299;s wa-al-Jaw&#257;yib</subfield><subfield code="h">[electronic resource] /</subfield><subfield code="c">li-mu&#700;allifih&#257; &#699;Abd al-H&#257;d&#299; Naj&#257;&#700; al-Aby&#257;r&#299;.</subfield></datafield><datafield ind1=" " ind2=" " tag="260"><subfield code="a">[al-Q&#257;hirah,</subfield><subfield code="c">1279, i. e. 1863]</subfield></datafield><datafield ind1=" " ind2=" " tag="300"><subfield code="a">online resource (8, 100 p.)</subfield></datafield><datafield ind1=" " ind2=" " tag="500"><subfield code="a">Reproduced from ms. copy.</subfield></datafield><datafield ind1=" " ind2=" " tag="500"><subfield code="a">Part of the Arabic Collections Online (ACO) project, contributed by New York Univeristy Libraries.</subfield></datafield><datafield ind1=" " ind2=" " tag="533"><subfield code="a">Electronic reproduction.</subfield><subfield code="b">New York, N.Y. :</subfield><subfield code="c">New York University,</subfield><subfield code="d">2015.</subfield><subfield code="5">NNU</subfield></datafield><datafield ind1=" " ind2="0" tag="650"><subfield code="a">Jaw&#257;&#700;ib.</subfield></datafield><datafield ind1=" " ind2="0" tag="650"><subfield code="a">Barj&#299;s.</subfield></datafield><datafield ind1="2" ind2=" " tag="710"><subfield code="a">New York University.</subfield><subfield code="b">Libraries.</subfield></datafield><datafield ind1="0" ind2=" " tag="730"><subfield code="a">Arabic Collections Online.</subfield></datafield><datafield ind1="0" ind2=" " tag="740"><subfield code="a">Najm al-th&#257;qib.</subfield></datafield><datafield ind1="0" ind2="8" tag="776"><subfield code="i">Print version:</subfield><subfield code="a">Aby&#257;r&#299;, &#699;Abd al-H&#257;d&#299; Naj&#257; ibn Ra&#7693;w&#257;n Naj&#257;, 1820 or 21-1887 or 8.</subfield><subfield code="t">H&#257;dh&#257; Kit&#257;b al-najm al-th&#257;qib f&#299; al-mu&#7717;&#257;kamah bayna al-Barj&#299;s wa-al-Jaw&#257;yib</subfield><subfield code="w">(NNU)002966597</subfield><subfield code="w">(DLC)73206573/NE</subfield></datafield><datafield ind1="4" ind2="0" tag="856"><subfield code="u">http://hdl.handle.net/2333.1/n8pk0rgj</subfield></datafield><datafield ind1=" " ind2=" " tag="959"><subfield code="a">NNU</subfield><subfield code="b">WEB</subfield><subfield code="c">GENI</subfield><subfield code="t">0</subfield><subfield code="m">Electronic access</subfield><subfield code="s">01</subfield></datafield><datafield ind1=" " ind2=" " tag="999"><subfield code="i">NNU_002966597</subfield><subfield code="s">nyu_aco000600</subfield><subfield code="e">(ERROR-880)</subfield></datafield></record>